3030 5106
600 1551 902 1630 PRAEFATIO

274 1913 347 1980 Non
370 1912 496 1978 lexicon
520 1912 693 1997 Lysiacum
717 1919 773 1978 aut
797 1913 979 1979 thesaurum
1003 1914 1087 1979 hunc
1111 1914 1226 1979 librum
1250 1914 1337 1980 uolui

169 2063 249 2124 esse,
274 2041 330 2108 sed
353 2041 492 2109 indicem
516 2049 638 2108 tantum
661 2040 888 2110 uocabulorum
911 2050 943 2108 et
966 2044 1149 2127 formarum,
1173 2064 1235 2109 non
1259 2043 1337 2108 nihil

172 2173 219 2239 sic
243 2192 367 2256 quoque
390 2172 538 2238 utilitatis
560 2194 610 2238 me
635 2173 681 2239 eis
701 2172 880 2239 adlaturum
898 2194 967 2239 esse
983 2181 1081 2257 ratus,
1106 2175 1219 2257 quibus
1235 2194 1337 2240 sermo

170 2303 295 2368 Atticus
316 2322 411 2368 curae
432 2309 490 2368 est.
526 2301 644 2369 Omnes
665 2304 748 2368 enim
770 2323 867 2369 uoces
890 2324 1068 2388 uocumque
1092 2303 1221 2387 formas,
1249 2310 1338 2388 quot-

169 2438 246 2516 quot
269 2433 301 2496 in
324 2432 444 2517 Lysiae
467 2433 673 2517 orationibus,
698 2434 834 2519 epistula
858 2435 989 2517 erotica,
1016 2434 1204 2517 fragmentis
1228 2435 1337 2517 legun-

171 2569 231 2645 tur,
247 2564 428 2628 enumeraui
441 2583 515 2629 usus
528 2563 633 2630 Caroli
646 2563 789 2630 Scheibii
806 2563 947 2630 editione
959 2564 1060 2629 altera
1073 2563 1217 2649 (Lipsiae
1232 2564 1338 2643 1890).

170 2693 294 2778 Excepi
324 2694 408 2759 solas
436 2694 611 2778 particulas
641 2695 676 2758 δέ
705 2701 738 2759 et
766 2696 816 2759 καί
844 2694 1033 2778 articulique
1061 2695 1079 2759 ὁ
1103 2696 1122 2774 ἡ
1147 2696 1183 2760 τό
1207 2695 1339 2761 formas:

171 2820 212 2886 de
241 2823 354 2906 quibus
383 2824 435 2907 qui
464 2844 617 2907 quaerere
644 2823 761 2902 uolent,
794 2845 857 2889 non
885 2823 979 2890 citius
1012 2824 1164 2889 infinitam
1198 2824 1339 2890 locorum

171 2953 404 3019 multitudinem
429 2953 617 3038 singillatim
639 2953 787 3020 euoluent
811 2975 905 3037 quarn
922 2954 1055 3040 Lysiam
1078 2956 1139 3040 ipsi
1163 2954 1339 3039 perlegent.

172 3083 243 3150 Non
267 3081 398 3148 distinxi
423 3082 564 3149 eiusdem
587 3084 676 3150 uocis
699 3085 819 3150 formas
842 3106 905 3150 non
929 3083 990 3151 nisi
1011 3084 1171 3151 scribendi
1195 3105 1253 3150 usu
1275 3104 1341 3149 nm-

172 3218 266 3296 tatas,
291 3218 325 3277 ut
345 3213 424 3277 ποτέ
444 3214 523 3277 ποτὲ
540 3234 619 3278 ποτε
635 3210 706 3278 ποτ’
724 3211 809 3297 ποθ’,
833 3234 936 3297 neque
959 3214 1063 3298 magis
1086 3190 1200 3280 uocum
1223 3214 1342 3280 formas

175 3341 299 3425 origine
323 3341 477 3424 diuersas,
501 3340 617 3408 litteris
641 3349 673 3408 et
697 3349 831 3409 accentu
854 3363 963 3428 pares:
989 3343 1077 3439 uelut
1101 3346 1213 3424 βελτίω
1237 3349 1270 3409 et
1292 3364 1343 3408 ac-

175 3472 311 3536 cusatiui
339 3471 510 3555 singularis
538 3479 571 3538 et
593 3472 781 3538 nominatiui
804 3447 860 3538 'uel
884 3473 1061 3539 accusatiui
1084 3474 1215 3559 pluralis
1239 3494 1343 3540 exem-

174 3601 227 3687 pla
261 3603 367 3667 omnia
399 3601 512 3668 eodem
545 3604 614 3668 loco
648 3605 810 3688 conposui.
863 3605 1010 3670 Ceterum
1043 3605 1090 3669 ita
1117 3624 1167 3669 me
1197 3603 1343 3689 exemplo

174 3731 367 3798 Scheibiano
391 3731 515 3815 addixi,
539 3739 574 3798 ut
598 3753 637 3798 ne
661 3754 700 3799 ea
723 3733 851 3816 quidem
872 3735 1064 3819 corrigerem
1080 3754 1163 3817 quae
1179 3754 1241 3799 non
1257 3739 1344 3800 recte

175 3863 216 3927 ab
240 3882 278 3927 eo
302 3860 398 3928 scribi
427 3861 524 3928 hodie
546 3862 629 3928 inter
652 3883 761 3929 omnes
785 3870 922 3947 constat,
946 3870 980 3928 ut
1002 3863 1192 3928 infinitiuum
1216 3869 1344 3946 σιωπᾷν

175 4012 245 4058 curn
270 3994 336 4058 iota
359 3998 415 4058 aut
438 3991 556 4072 ἄστεος
580 3992 778 4076 genetiuum:
813 4013 916 4076 neque
946 3993 1030 4058 enim
1057 4013 1162 4058 meum
1190 3998 1258 4057 erat
1281 3991 1344 4076 Ly-

174 4125 252 4189 siam
283 4123 453 4190 emendare
481 4144 585 4208 neque
614 4125 793 4210 exemplum
818 4124 1043 4191 Scheibianum
1067 4123 1215 4191 deserere
1242 4121 1343 4205 licuit,

175 4260 344 4339 postquam
377 4275 415 4321 eo
448 4255 655 4321 fundamento
689 4254 804 4322 indicis
841 4255 889 4320 uti
921 4256 1053 4340 placuit.
1112 4253 1234 4332 Quibus
1265 4253 1345 4318 locis

176 4384 345 4450 Scheibius
377 4385 418 4450 ab
452 4387 644 4451 auctoritate
677 4384 798 4451 codicis
831 4384 988 4467 discessit,
1023 4384 1146 4449 uariam
1175 4382 1344 4448 lectionem

175 4514 315 4580 indicaui
344 4513 464 4582 eisdem
494 4514 608 4598 quibus
635 4515 689 4580 ille
717 4515 801 4580 notis
828 4534 913 4580 usus.
960 4514 1050 4579 Haec
1079 4513 1176 4597 igitur
1204 4512 1277 4577 uolo
1301 4517 1346 4578 te·
1397 4502 1400 4509 ’
